@article{bernstein2017metasra,
  title={MetaSRA: normalized human sample-specific metadata for the Sequence Read Archive},
  author={Bernstein, Matthew N and Doan, AnHai and Dewey, Colin N},
  journal={Bioinformatics},
  volume={33},
  number={18},
  pages={2914--2923},
  year={2017},
  publisher={Oxford University Press}
}

@article{hunt2019dtangle,
  title={dtangle: accurate and robust cell type deconvolution},
  author={Hunt, Gregory J and Freytag, Saskia and Bahlo, Melanie and Gagnon-Bartsch, Johann A},
  journal={Bioinformatics},
  volume={35},
  number={12},
  pages={2093--2099},
  year={2019},
  publisher={Oxford University Press}
}

@article{gong2013deconrnaseq,
  title={DeconRNASeq: a statistical framework for deconvolution of heterogeneous tissue samples based on mRNA-Seq data},
  author={Gong, Ting and Szustakowski, Joseph D},
  journal={Bioinformatics},
  volume={29},
  number={8},
  pages={1083--1085},
  year={2013},
  publisher={Oxford University Press}
}

@article{chen2014gene,
  title={Gene ontology based housekeeping gene selection for RNA-seq normalization},
  author={Chen, Chien-Ming and Lu, Yu-Lun and Sio, Chi-Pong and Wu, Guan-Chung and Tzou, Wen-Shyong and Pai, Tun-Wen},
  journal={Methods},
  volume={67},
  number={3},
  pages={354--363},
  year={2014},
  publisher={Elsevier}
}

@article{newman2015robust,
  title={Robust enumeration of cell subsets from tissue expression profiles},
  author={Newman, Aaron M and Liu, Chih Long and Green, Michael R and Gentles, Andrew J and Feng, Weiguo and Xu, Yue and Hoang, Chuong D and Diehn, Maximilian and Alizadeh, Ash A},
  journal={Nature methods},
  volume={12},
  number={5},
  pages={453--457},
  year={2015},
  publisher={Nature Publishing Group}
}

@article{hao2019fast,
  title={Fast and robust deconvolution of tumor infiltrating lymphocyte from expression profiles using least trimmed squares},
  author={Hao, Yuning and Yan, Ming and Heath, Blake R and Lei, Yu L and Xie, Yuying},
  journal={PLoS computational biology},
  volume={15},
  number={5},
  pages={e1006976},
  year={2019},
  publisher={Public Library of Science}
}